@inproceedings{ratinov:2009:conll,
  author = {L. Ratinov and D. Roth},
  title = {Design Challenges and Misconceptions in Named Entity Recognition},
  booktitle = {CoNLL},
  month = {6},
  year = {2009},
  url = " http://cogcomp.cs.illinois.edu/papers/RatinovRo09.pdf",
  funding = {MIAS, SoD, Library},
  projects = {IE},
  comment = {Named entity recognition; information extraction; knowledge resources; word class models; gazetteers; non-local features; global features; inference methods; BIO vs. BIOLU; text chunk representation},
}

@article{poulard:2011:detecting,
  title={Detecting derivatives using specific and invariant descriptors},
  author={Poulard, Fabien and Hernandez, Nicolas and Daille, B{\'e}atrice},
  journal={Polibits},
  number={43},
  pages={7--13},
  year={2011},
  publisher={Instituto Polit{\'e}cnico Nacional, Centro de Innovaci{\'o}n y Desarrollo Tecnol{\'o}gico en C{\'o}mputo}
}

@inproceedings{kazantseva:2011,
 author = {Kazantseva, Anna and Szpakowicz, Stan},
 title = {Linear Text Segmentation Using Affinity Propagation},
 booktitle = {Proceedings of the Conference on Empirical Methods in Natural Language Processing},
 series = {EMNLP '11},
 year = {2011},
 isbn = {978-1-937284-11-4},
 location = {Edinburgh, United Kingdom},
 pages = {284--293},
 numpages = {10},
 url = {http://dl.acm.org/citation.cfm?id=2145432.2145465},
 acmid = {2145465},
 publisher = {Association for Computational Linguistics},
 address = {Stroudsburg, PA, USA},
} 

@InProceedings{ulrich:2008:bc3,
  author    = {J. Ulrich and G. Murray and G. Carenini},
  title     = { A Publicly Available Annotated Corpus for Supervised Email Summarization},
  booktitle = {AAAI08 EMAIL Workshop},
  year      = {2008},
  address   = {Chicago, USA},
  publisher = {AAAI},
 }

@inproceedings{klimt:2004:enron,
  author = {Klimt, Bryan and Yang, Yiming},
  booktitle = {ECML},
  editor = {Boulicaut, Jean-François and Esposito, Floriana and Giannotti, Fosca and Pedreschi, Dino},
  isbn = {3-540-23105-6},
  pages = {217-226},
  publisher = {Springer},
  series = {Lecture Notes in Computer Science},
  title = {The Enron Corpus: A New Dataset for Email Classification Research},
  volume = 3201,
  year = 2004
}

@inproceedings{schmid:94b,
  keywords = {Gramotron,CorpLex},
  author = {Helmut Schmid},
  title = {Probabilistic Part-of-Speech Tagging Using Decision Trees},
  pages = {44-49},
  booktitle = {International Conference on New Methods in Language
                       Processing},
  year = 1994,
  address = {Manchester, UK},
  postscript = {http://www.ims.uni-stuttgart.de/ftp/pub/corpora/tree-tagger1.ps.gz}
}

@article{joty2013topic,
  title={Topic segmentation and labeling in asynchronous conversations},
  author={Shafiq Joty and Giuseppe Carenini and Raymond Ng},
  journal={Journal of Artificial Intelligence Research},
  volume={47},
  number={1},
  pages={521--573},
  year={2013},
  publisher={AI Access Foundation}
}

@article{tavafi2013dialogue,
  title={Dialogue act recognition in synchronous and asynchronous conversations},
  author={Maryam Tavafi and Yashar Mehdad and Shafiq Joty},
  year={2013},
  publisher={University of British Columbia}
}

@inproceedings{
  lampert2009segmenting,
  title={Segmenting email message text into zones},
  author={Andrew Lampert and Robert Dale and C{\'e}cile Paris},
  booktitle={Proceedings of the 2009 Conference on Empirical Methods in Natural Language Processing: Volume 2-Volume 2},
  pages={919--928},
  year={2009},
  organization={Association for Computational Linguistics}
}

@inproceedings{levenshtein1966binary,
  title={Binary codes capable of correcting deletions, insertions and reversals},
  author={Levenshtein, Vladimir I},
  booktitle={Soviet physics doklady},
  volume={10},
  pages={707},
  year={1966}
}

@article{bookstein2002generalized,
  title={Generalized hamming distance},
  author={Bookstein, Abraham and Kulyukin, Vladimir A and Raita, Timo},
  journal={Information Retrieval},
  volume={5},
  number={4},
  pages={353--375},
  year={2002},
  publisher={Springer}
}

@article{pevzner2002critique,
  title={A critique and improvement of an evaluation metric for text segmentation},
  author={Pevzner, Lev and Hearst, Marti A},
  journal={Computational Linguistics},
  volume={28},
  number={1},
  pages={19--36},
  year={2002},
  publisher={MIT Press}
}

@article{beeferman1999statistical,
  title={Statistical models for text segmentation},
  author={Beeferman, Doug and Berger, Adam and Lafferty, John},
  journal={Machine learning},
  volume={34},
  number={1-3},
  pages={177--210},
  year={1999},
  publisher={Springer}
}

@article{beeferman1997text,
  title={Text segmentation using exponential models},
  author={Beeferman, Doug and Berger, Adam and Lafferty, John},
  journal={arXiv preprint cmp-lg/9706016},
  year={1997}
}

@book{austin1975things,
  title={How to do things with words},
  author={Austin, John Langshaw},
  volume={1955},
  year={1975},
  publisher={Oxford university press}
}

@inproceedings{qadir2011classifying,
  title={Classifying sentences as speech acts in message board posts},
  author={Qadir, Ashequl and Riloff, Ellen},
  booktitle={Proceedings of the Conference on Empirical Methods in Natural Language Processing},
  pages={748--758},
  year={2011},
  organization={Association for Computational Linguistics}
}

@inproceedings{cohen2004learning,
  title={Learning to Classify Email into``Speech Acts''.},
  author={Cohen, William W and Carvalho, Vitor R and Mitchell, Tom M},
  booktitle={EMNLP},
  pages={309--316},
  year={2004}
}

@inproceedings{poesio1998towards,
  title={Towards an axiomatization of dialogue acts},
  author={Poesio, Massimo and Traum, David},
  booktitle={Proceedings of the Twente Workshop on the Formal Semantics and Pragmatics of Dialogues (13th Twente Workshop on Language Technology},
  year={1998},
}

@inproceedings{lavergne2010practical,
  author    = {Lavergne, Thomas and Capp\'{e}, Olivier and Yvon, Fran\c{c}ois},
  title     = {Practical Very Large Scale {CRFs}},
  booktitle = {Proceedings the 48th Annual Meeting of the Association for Computational Linguistics ({ACL})},
  month     = {July},
  year      = {2010},
  location  = {Uppsala, Sweden},
  publisher = {Association for Computational Linguistics},
  pages     = {504--513},
  url       = {http://www.aclweb.org/anthology/P10-1052}
}

@inproceedings{toutanova2003feature,
  title={Feature-rich part-of-speech tagging with a cyclic dependency network},
  author={Toutanova, Kristina and Klein, Dan and Manning, Christopher D and Singer, Yoram},
  booktitle={Proceedings of the 2003 Conference of the North American Chapter of the Association for Computational Linguistics on Human Language Technology-Volume 1},
  pages={173--180},
  year={2003},
  organization={Association for Computational Linguistics}
}

@inproceedings{klimt2004introducing,
  title={Introducing the Enron Corpus.},
  author={Klimt, Bryan and Yang, Yiming},
  booktitle={CEAS},
  year={2004}
}

@article{miller1995wordnet,
  title={WordNet: a lexical database for English},
  author={Miller, George A},
  journal={Communications of the ACM},
  volume={38},
  number={11},
  pages={39--41},
  year={1995},
  publisher={ACM}
}

@MISC{Lampert_classifyingspeech,
    author = {Andrew Lampert and Robert Dale and Cécile Paris},
    title = {Classifying Speech Acts using Verbal Response Modes},
    year = {2006}
}

@article{de2013classification,
  title={A classification scheme for annotating speech acts in a business email corpus},
  author={De Felice, Rachele and Darby, Jeannique and Fisher, Anthony and Peplow, David},
  journal={ICAME Journal},
  volume={37},
  pages={71--105},
  year={2013}
}

@inproceedings{lampert:2009:emnlp,
  author = {Andrew Lampert and Robert  Dale and C{\'e}cile Paris},
  title = {Segmenting email message text into zones},
  booktitle = {Proceedings of the 2009 Conference on Empirical Methods in Natural Language Processing: Volume 2 - Volume 2},
  series = {EMNLP '09},
  year = {2009},
  isbn = {978-1-932432-62-6},
  location = {Singapore},
  pages = {919--928},
  numpages = {10},
  url = {http://dl.acm.org/citation.cfm?id=1699571.1699632},
  acmid = {1699632},
  publisher = {Association for Computational Linguistics},
  address = {Stroudsburg, PA, USA},
} 

@inproceedings{joty:2010:emnlp,
  author = {Shafiq Joty and Giuseppe Carenini and Gabriel Murray and Raymond T. Ng},
  title = {Exploiting conversation structure in unsupervised topic segmentation for emails},
  booktitle = {Proceedings of the 2010 Conference on Empirical Methods in Natural Language Processing},
  series = {EMNLP '10},
  year = {2010},
  location = {Cambridge, Massachusetts},
  pages = {388--398},
  numpages = {11},
  url = {http://dl.acm.org/citation.cfm?id=1870658.1870696},
  acmid = {1870696},
  publisher = {Association for Computational Linguistics},
  address = {Stroudsburg, PA, USA},
}

@inproceedings{joty:2011:ijcai,
  author = {Shafiq Joty and Giuseppe Carenini and Chin-Yew Lin},
  title = {Unsupervised modeling of dialog acts in asynchronous conversations},
  booktitle = {Proceedings of the Twenty-Second international joint conference on Artificial Intelligence - Volume Volume Three},
  series = {IJCAI'11},
  year = {2011},
  isbn = {978-1-57735-515-1},
  location = {Barcelona, Catalonia, Spain},
  pages = {1807--1813},
  numpages = {7},
  url = {http://dx.doi.org/10.5591/978-1-57735-516-8/IJCAI11-303},
  doi = {10.5591/978-1-57735-516-8/IJCAI11-303},
  acmid = {2283705},
  publisher = {AAAI Press},
}

@article{traum200020,
  title={20 questions on dialogue act taxonomies},
  author={Traum, David R},
  journal={Journal of semantics},
  volume={17},
  number={1},
  pages={7--30},
  year={2000},
  publisher={Oxford Univ Press}
}

@InProceedings{JanAAAI08,
  author    = {J. Ulrich and G. Murray and G. Carenini},
  title     = { A Publicly Available Annotated Corpus for Supervised Email Summarization},
  booktitle = {AAAI08 EMAIL Workshop},
  year      = {2008},
  address   = {Chicago, USA},
  publisher = {AAAI},
}

@book{searle1976taxonomy,
  title={A taxonomy of illocutionary acts},
  author={Searle, John R},
  year={1976},
  publisher={Linguistic Agency University of Trier}
}

@inproceedings{joty:2013:acl,
  author = {Shafiq Joty and Giuseppe Carenini and Raymond T. Ng and Yashar Mehdad},
  title = {Combining Intra- and Multi-sentential Rhetorical Parsing for Document-level Discourse Analysis},
  booktitle = {Proceedings of the 51st Annual Meeting of the Association for Computational Linguistics},
  series = {ACL 2013},
  year = {2013},
  location = {Sofia, Bulgaria},
  publisher = {Association for Computational Linguistics}
} 

@Article{joty:2013:jair,
  title = {Topic Segmentation and Labeling in Asynchronous Conversations},
  author = {Shafiq Joty and Giuseppe Carenini and Raymond Ng},
  journal = {Journal of AI Research (JAIR)},
  year = {2013},
  volume ={47},
  pages = {521--573}
}

@Article{ahn:2006:computer,
  title = {Games with a purpose},
  author = {von Ahn, L.},
  journal = {Computer},
  year = {2006},
  volume ={39},
  number = {6},
  pages = {92--94}
}

@Article{och:2003:cl,
  title = {A Systematic Comparison of Various Statistical Alignment Models},
  author = {Franz Josef Och and Hermann Ney},
  journal = {Computational Linguistics},
  year = {2003},
  volume ={29},
  number = {1},
  pages = {19--51}
}

% (Traduction par Gilles Lane de How to do things with Words: The William James Lectures delivered at Harvard University in 1955, Ed. Urmson, Oxford, 1962)
@book{austin:1970,
  author = {John L. Austin},
  title = {Quand dire c'est faire},
  year = {1970},
  publisher= {Éditions du Seuil}
}

@inproceedings{jeong:2009:emnlp,
  author = {Minwoo Jeong and Chin-Yew Lin and Gary Geunbae Lee},
  title = {Semi-supervised speech act recognition in emails and forums},
  booktitle = {Proceedings of the 2009 Conference on Empirical Methods in Natural Language Processing: Volume 3 - Volume 3},
  series = {EMNLP '09},
  year = {2009},
  isbn = {978-1-932432-63-3},
  location = {Singapore},
  pages = {1250--1259},
  numpages = {10},
  url = {http://dl.acm.org/citation.cfm?id=1699648.1699671},
  acmid = {1699671},
  publisher = {Association for Computational Linguistics},
  address = {Stroudsburg, PA, USA},
} 

@misc{hallidayk,
  title={A. K. and Ruqaiya Hasan. 1976. Cohesion in English},
  author={Halliday, MA},
  publisher={London: Longman}
}

@article{hearst1997texttiling,
  title={TextTiling: Segmenting text into multi-paragraph subtopic passages},
  author={Hearst, Marti A},
  journal={Computational linguistics},
  volume={23},
  number={1},
  pages={33--64},
  year={1997},
  publisher={MIT Press}
}

@inproceedings{joty:2013:sigdial,
  author = {Maryam Tavafi and Yashar Mehdad and Shafiq Joty and Giuseppe Carenini and Raymond Ng},
  title = {Dialogue Act Recognition in Synchronous and Asynchronous Conversations},
  booktitle = { Proceedings of the 14th Annual Meeting of the Special Interest Group on Discourse and Dialogue (SIGDIAL 2013)},
  series = {SIGDIAL'13},
  year = {2013},
  location = {Metz, France}
} 

@Book{sankoff:1983,
  author = "Sankoff, D and Kruskal, J B",
  title  = "Time Warps, String Edits, and Macromolecules: The Theory and Practice of Sequence Comparison",
  year="1983",
  publisher = "Addison-Wesley Publishing Company, Inc.",
  address = "Reading, Massachusetts",
  note="ISBN 0-201-07809-0",
}

@incollection{kruijff:1996,
  author = {Ivana Kruijff-Korbayov\'{a} and Geert-Jan M. Kruijff},
  title = {Identification of topic-focus chains},
  booktitle = { Approaches to Discourse Anaphora: Proceedings of the Discourse Anaphora
  and Anaphora Resolution Colloquium (DAARC96)},
  year = {1996},
  editor = { S. Botley and J. Glass and T. McEnery and A. Wilson},
  volume = {8},
  pages = { 165--179},
  address = {University Centre for Computer Corpus Research on Language, University
  of Lancaster, UK},
  month = {July 17-18}
}

@article{fort:2011:cl,
  author = {Kar{\"e}n Fort and Gilles Adda and K. Bretonnel Cohen},
  title = {Amazon Mechanical Turk: Gold Mine or Coal Mine?},
  journal = {Computational Linguistics},
  volume = {37},
  number = {2},
  year = {2011},
  pages = {413-420},
  ee = {http://dx.doi.org/10.1162/COLI_a_00057},
  bibsource = {DBLP, http://dblp.uni-trier.de}
}

@article{wang:2013:lre,
  year={2013},
  issn={1574-020X},
  journal={Language Resources and Evaluation},
  volume={47},
  number={1},
  doi={10.1007/s10579-012-9176-1},
  title={Perspectives on crowdsourcing annotations for natural language processing},
  url={http://dx.doi.org/10.1007/s10579-012-9176-1},
  publisher={Springer Netherlands},
  keywords={Human computation; Crowdsourcing; NLP; Wikipedia; Mechanical Turk; Games with a purpose; Annotation},
  author={Wang, Aobo and Hoang, CongDuyVu and Kan, Min-Yen},
  pages={9-31},
  language={English}
}

@InProceedings{li:2011:threadlinking,
  author = {Li Wang and Diana Mccarthy and Timothy Baldwin},
  title = {Predicting Thread Linking Structure by Lexical Chaining},
  booktitle = {Proceedings of the Australasian Language Technology Association Workshop 2011},
  month     = {December},
  year      = {2011},
  address   = {Canberra, Australia},
  pages = {76--85},
  url = {http://www.aclweb.org/anthology/U/U11/U11-1011}
}

@inproceedings{kim:2010:taggingandlinking,
  author = {Kim, Su Nam and Wang, Li and Baldwin, Timothy},
  title = {Tagging and Linking Web Forum Posts},
  booktitle = {Proceedings of the Fourteenth Conference on Computational Natural Language Learning},
  series = {CoNLL '10},
  year = {2010},
  isbn = {978-1-932432-83-1},
  location = {Uppsala, Sweden},
  pages = {192--202},
  numpages = {11},
  url = {http://dl.acm.org/citation.cfm?id=1870568.1870591},
  acmid = {1870591},
  publisher = {Association for Computational Linguistics},
  address = {Stroudsburg, PA, USA},
} 

@Inproceedings{gale:1991,
  author = {William A. Gale and Kenneth Ward Church},
  title = {A PROGRAM FOR ALIGNING SENTENCES IN BILINGUAL CORPORA},
  url = {http://acl.ldc.upenn.edu/H/H91/H91-1026.pdf},
  booktitle = {Proceedings of the 29th Annual Meeting of the Association of Computational Linguistics (ACL)},
  year = 1991
}

@InProceedings{enright-kondrak:2007:ShortPapers,
  author = {Enright, Jessica and Kondrak, Grzegorz},
  title = {A Fast Method for Parallel Document Identification},
  booktitle = {Human Language Technologies 2007: The Conference of the North American Chapter of the Association for Computational Linguistics; Companion Volume, Short Papers},
  month = {April},
  address = {Rochester, New York},
  publisher = {Association for Computational Linguistics},
  pages = {29--32},
  url = {http://www.aclweb.org/anthology/N/N07/N07-2008},
  year = 2007
}